<?xml version="1.0" encoding="UTF-8"?><collection xmlns="http://www.loc.gov/MARC21/slim"><record><leader>00536nam--2200169-i-4500</leader><controlfield tag="001">000026137</controlfield><controlfield tag="002">20161230</controlfield><controlfield tag="005">20161230201036</controlfield><controlfield tag="008">060222s1000------------r-----000-0-eng-d</controlfield><datafield ind1=" " ind2=" " tag="040"><subfield code="a">IFIN-HH</subfield></datafield><datafield ind1=" " ind2=" " tag="080"><subfield code="a">51</subfield></datafield><datafield ind1="1" ind2=" " tag="100"><subfield code="a">Noble, B</subfield></datafield><datafield ind1="1" ind2="0" tag="245"><subfield code="a">Methods based on the wiener-hopf technique for the solution of partial differential equations</subfield><subfield code="c">B. noble</subfield></datafield><datafield ind1=" " ind2=" " tag="260"><subfield code="a">Oxford</subfield><subfield code="b">Pergamon Press</subfield><subfield code="c">1958</subfield></datafield><datafield ind1=" " ind2=" " tag="490"><subfield code="a">International Series Of Monographs In Pure And Applied Mathematics</subfield><subfield code="v">Vol.7</subfield></datafield><datafield ind1=" " ind2=" " tag="852"><subfield code="a">10184</subfield><subfield code="c">51</subfield></datafield><datafield ind1=" " ind2=" " tag="CAT"><subfield code="a">Sys</subfield><subfield code="c">20110204</subfield><subfield code="h">122933</subfield></datafield></record></collection>